@article{venable74,
      author         = "Venable, Jr., William H. and Hsia, Jack J.",
      title          = "{Optical Radiation Measurements: Describing
                        Spectrophotometric Measurements}",
      year           = 1974,
      reportNumber   = "NBS-TN-594-9",
      SLACcitation   = "%%CITATION = NBS-TN-594-9;%%"
}

@article{wang1995,
title = "MCML—Monte Carlo modeling of light transport in multi-layered tissues",
journal = "Computer Methods and Programs in Biomedicine",
volume = "47",
number = "2",
pages = "131 - 146",
year = 1995,
issn = "0169-2607",
doi = "https://doi.org/10.1016/0169-2607(95)01640-F",
url = "http://www.sciencedirect.com/science/article/pii/016926079501640F",
author = "Lihong Wang and Steven L. Jacques and Liqiong Zheng",
keywords = "Monte Carlo, Photon transport, Tissue optics, Standard C, Dynamic allocation"
}

@InProceedings{raab08,
author="Raab, Matthias and Seibert, Daniel and Keller, Alexander",
editor="Keller, Alexander
and Heinrich, Stefan
and Niederreiter, Harald",
title="Unbiased Global Illumination with Participating Media",
booktitle="Monte Carlo and Quasi-Monte Carlo Methods 2006",
year=2008,
publisher="Springer Berlin Heidelberg",
address="Berlin, Heidelberg",
pages="591--605",
isbn="978-3-540-74496-2"
}

@article {preisendorfer65,
title = {Radiative transfer on discrete spaces. By R. W. Preisendorfer. Oxford, London, Edinburgh, New York, Paris, Frankfurt. (Pergamon Press), (1st Edn.) 1965. Pp. xi, 462: Many Figures, Tables. £7},
journal = {Quarterly Journal of the Royal Meteorological Society},
volume = {93},
number = {395},
publisher = {John Wiley & Sons, Ltd},
issn = {1477-870X},
url = {http://dx.doi.org/10.1002/qj.49709339522},
doi = {10.1002/qj.49709339522},
pages = {148--148},
year = {1967},
}


