
@book{chandrasekhar50,
  author =    {Subrahmanyan Chandrasekhar},
  title =     {Radiative Transfer},
  publisher = {Oxford, Clarendon Press},
  year =      {1950},
  note =      {Unabridged and slightly revised version published by Dover Publications, Inc., in 1960}
}

@article{egan73,
  author =  {W. G. Egan and T. Hilgeman and J. Reichman},
  title =   {Determination of Absorption and Scattering Coefficients for Nonhomogeneous Media. 2: Experiment},
  journal = {Applied Optics},
  year =    {1973},
  volume =  {12},
  number =  {8},
  pages =   {1816--1823},
  month =   {August}
}

@article{joseph76,
  author =  {J. H. Joseph and W. J. Wiscombe and J. A. Weinman},
  title =   {The Delta-{E}ddington Approximation for Radiative Flux Transfer},
  journal = {Journal of Atmospheric Sciences},
  year =    {1976},
  volume =  {33},
  pages =   {2452--2459},
  month =   {December}
}

@techreport{nicodemus77,
  author =      {F. E. Nicodemus and J. C. Richmond and J. J. Hsia and I. W. Ginsberg and T. Limperis},
  title =       {Geometrical Considerations and Nomenclature for Reflectance},
  institution = {National Bureau of Standards (US)},
  year =        {1977},
  month =       {October}
}

@inproceedings{patterson89,
  author =    {M. S. Patterson and E. Schwartz and B. C. Wilson},
  title =     {Quantitative reflectance spectrophotometry for the non-invasive measurement of photosensitizer concentration in tissue during photodynamic therapy},
  booktitle = {Proceedings of SPIE},
  year =      {1989},
  volume =    {1065},
  series =    {Photodynamic Therapy: Mechanisms},
  pages =     {115--122},
  month =     {June}
}

@article{farrell92,
  author =  {Thomas J. Farrell and Michael S. Patterson and Brian Wilson},
  title =   {A diffusion theory model of spatially resolved, steady-state diffuse reflectance
             for the noninvasive determination of tissue optical properties \emph{in vivo}},
  journal = {Medical Physics},
  year =    {1992},
  volume =  {19},
  number =  {4},
  pages =   {879--888},
  month =   {July/August}
}

@inproceedings{jensen01,
  author    = {Henrik Wann Jensen and Stephen R. Marschner and Marc Levoy and Pat Hanrahan},
  title     = {A Practical Model for Subsurface Light Transport},
  booktitle = {Proceedings of SIGGRAPH 2001},
  year      = {2001},
  publisher = {ACM},
  pages     = {511--518},
  month     = {August}
}

@article{menon05,
  author =  {S. Menon and Q. Su and R. Grobe},
  title =   {Determination of $g$ and $\mu$ using multiply scattered light in turbid media},
  journal = {Physical Review Letters},
  year =    {2005},
  volume =  {94},
  pages =   {153904},
  month =   {April}
}

@unpublished{deon12,
  author =  {Eugene {d'E}on},
  title =   {A Better Dipole},
  year =    {2012},
  note =    {Publicly available technical report. http://www.eugenedeon.com/?project=a-better-dipole}
}

@article{frisvad14directional,
  author =  {Jeppe Revall Frisvad and Toshiya Hachisuka and Thomas Kim Kjeldsen},
  title =   {Directional Dipole Model for Subsurface Scattering},
  journal = {ACM Transactions on Graphics},
  year =    {2014},
  volume =  {34},
  number =  {1},
  pages =   {5:1--5:12},
  month =   {November}
}
