% Encoding: UTF-8

@InProceedings{Mertens2003,
  author        = {Tom Mertens and Jan Kautz and Philippe Bekaert and Hans-Peter Seidel and Frank Van Reeth},
  title         = {Interactive rendering of translucent deformable objects},
  booktitle     = {Proceedings of Eurographics Symposium on Rendering (EGSR 2003)},
  year          = {2003},
  pages         = {130--140},
  month         = {June},
  __markedentry = {[alcor:]},
}


