
@article{frisvad14directional,
  author =  {Jeppe Revall Frisvad and Toshiya Hachisuka and Thomas Kim Kjeldsen},
  title =   {Directional Dipole Model for Subsurface Scattering},
  journal = {ACM Transactions on Graphics},
  year =    {2014},
  volume =  {34},
  number =  {1},
  pages =   {5:1--5:12},
  month =   {November}
}
